orderId,symbol,price,executedQty,side,time
0,TWTBUSD,0.00000000,18.00000000,BUY,2022-10-20 00:32:46.961

398346444,EGLDBUSD,0.00000000,0.20000000,BUY,2022-10-20 19:01:14.784
58162927,QNTBUSD,0.00000000,0.06800000,BUY,2022-10-21 02:01:10.104
398520934,EGLDBUSD,0.00000000,0.20000000,SELL,2022-10-21 04:01:06.614
113815757,TWTBUSD,0.00000000,13.00000000,BUY,2022-10-21 14:01:12.755
58500704,QNTBUSD,0.00000000,0.08500000,BUY,2022-10-21 14:01:15.922
6058376556,ETHBUSD,0.00000000,0.01150000,BUY,2022-10-21 16:01:11.775
6611794193,BTCBUSD,0.00000000,0.00238000,BUY,2022-10-21 17:01:10.512
74148529,PHABUSD,0.00000000,174.00000000,BUY,2022-10-21 17:01:19.898
265903698,CHZBUSD,0.00000000,247.00000000,BUY,2022-10-21 17:01:21.543
127508034,ATABUSD,0.00000000,285.00000000,BUY,2022-10-21 17:01:23.207
41280377,LDOBUSD,0.00000000,28.37000000,BUY,2022-10-21 17:01:25.581
1428224014,BNBBUSD,0.00000000,0.16000000,BUY,2022-10-21 20:01:17.544
731932344,MATICBUSD,0.00000000,52.00000000,BUY,2022-10-21 21:01:19.618
74316922,PHABUSD,0.00000000,174.00000000,SELL,2022-10-22 00:01:18.440
31721301,BNXBUSD,0.00000000,0.29200000,BUY,2022-10-22 01:01:17.989
31722453,BNXBUSD,0.00000000,0.29200000,SELL,2022-10-22 02:01:16.918
127538733,ATABUSD,0.00000000,285.00000000,SELL,2022-10-22 08:01:16.350
300693808,UNIBUSD,0.00000000,7.14000000,BUY,2022-10-22 08:01:21.947
41372144,LDOBUSD,0.00000000,28.37000000,SELL,2022-10-22 09:01:17.167
41376020,LDOBUSD,0.00000000,28.82000000,BUY,2022-10-22 10:01:20.635
41379268,LDOBUSD,0.00000000,28.82000000,SELL,2022-10-22 11:01:17.905
31736481,BNXBUSD,0.00000000,0.29600000,BUY,2022-10-22 15:01:18.305
127549056,ATABUSD,0.00000000,280.00000000,BUY,2022-10-22 15:01:21.512
41404114,LDOBUSD,0.00000000,27.86000000,BUY,2022-10-22 15:01:23.188
31738554,BNXBUSD,0.00000000,0.29600000,SELL,2022-10-22 16:01:15.339
127553339,ATABUSD,0.00000000,280.00000000,SELL,2022-10-22 16:01:21.526
59059358,QNTBUSD,0.00000000,0.08500000,SELL,2022-10-22 18:01:14.004
59072854,QNTBUSD,0.00000000,0.24200000,BUY,2022-10-22 19:01:15.789
59084200,QNTBUSD,0.00000000,0.24200000,SELL,2022-10-22 20:01:14.129
113956256,TWTBUSD,0.00000000,13.00000000,SELL,2022-10-22 23:01:12.225
41444735,LDOBUSD,0.00000000,27.86000000,SELL,2022-10-22 23:01:17.745
266478628,CHZBUSD,0.00000000,247.00000000,SELL,2022-10-23 02:01:13.370
127573738,ATABUSD,0.00000000,290.00000000,BUY,2022-10-23 06:01:15.880
6627107486,BTCBUSD,0.00000000,0.00238000,SELL,2022-10-23 07:01:07.163
732921914,MATICBUSD,0.00000000,52.00000000,SELL,2022-10-23 08:01:08.225
6627844102,BTCBUSD,0.00000000,0.00231000,BUY,2022-10-23 09:01:12.331
732942633,MATICBUSD,0.00000000,53.00000000,BUY,2022-10-23 09:01:15.431
399158142,EGLDBUSD,0.00000000,0.79000000,BUY,2022-10-23 09:01:20.182
300853992,UNIBUSD,0.00000000,7.14000000,SELL,2022-10-23 10:01:14.693
6628965324,BTCBUSD,0.00000000,0.00231000,SELL,2022-10-23 12:01:05.326
6063963150,ETHBUSD,0.00000000,0.01150000,SELL,2022-10-23 12:01:09.986
733029862,MATICBUSD,0.00000000,53.00000000,SELL,2022-10-23 12:01:15.489
6064149293,ETHBUSD,0.00000000,0.03410000,BUY,2022-10-23 13:01:13.053
733068560,MATICBUSD,0.00000000,53.40000000,BUY,2022-10-23 13:01:16.910
74696200,PHABUSD,0.00000000,196.00000000,BUY,2022-10-23 14:01:20.288
6630380368,BTCBUSD,0.00000000,0.00225000,BUY,2022-10-23 15:01:15.561
300906171,UNIBUSD,0.00000000,6.99000000,BUY,2022-10-23 18:01:18.840
74844134,PHABUSD,0.00000000,196.00000000,SELL,2022-10-23 19:01:16.042
119103430,ENSBUSD,0.00000000,2.53000000,BUY,2022-10-23 20:01:25.099
114047945,TWTBUSD,0.00000000,37.00000000,BUY,2022-10-23 22:01:19.429
31779848,BNXBUSD,0.00000000,0.28900000,BUY,2022-10-23 22:01:21.781
266822602,CHZBUSD,0.00000000,225.00000000,BUY,2022-10-23 23:01:24.917
41562230,LDOBUSD,0.00000000,26.94000000,BUY,2022-10-23 23:01:26.535
127640204,ATABUSD,0.00000000,290.00000000,SELL,2022-10-24 02:01:19.223
74885928,PHABUSD,0.00000000,192.00000000,BUY,2022-10-24 02:01:23.213
74895895,PHABUSD,0.00000000,192.00000000,SELL,2022-10-24 04:01:18.738
266926101,CHZBUSD,0.00000000,225.00000000,SELL,2022-10-24 04:01:22.906
74900130,PHABUSD,0.00000000,195.00000000,BUY,2022-10-24 05:01:21.041
74904174,PHABUSD,0.00000000,195.00000000,SELL,2022-10-24 06:01:17.436
31794182,BNXBUSD,0.00000000,0.28900000,SELL,2022-10-24 07:01:15.419
114088623,TWTBUSD,0.00000000,37.00000000,SELL,2022-10-24 08:01:12.049
127655090,ATABUSD,0.00000000,274.00000000,BUY,2022-10-24 08:01:27.577
31796994,BNXBUSD,0.00000000,0.28900000,BUY,2022-10-24 09:01:21.296
267070749,CHZBUSD,0.00000000,225.00000000,BUY,2022-10-24 12:01:18.191
59501904,QNTBUSD,0.00000000,0.23200000,BUY,2022-10-24 13:01:22.803
114128613,TWTBUSD,1.045353846153846,39.00000000,SELL,2022-10-24 14:35:17.511
59521150,QNTBUSD,174.46398305084745,0.23600000,BUY,2022-10-24 14:35:27.001
267164393,CHZBUSD,0.182,223.00000000,BUY,2022-10-24 14:35:29.463
6649461181,BTCBUSD,19259.04,0.00291000,SELL,2022-10-24 17:01:08.287
6651260129,BTCBUSD,19338.41,0.00211000,BUY,2022-10-24 20:01:16.147
6653690899,BTCBUSD,19302.66364929,0.00211000,SELL,2022-10-25 01:01:05.467
41778525,LDOBUSD,1.482,26.94000000,SELL,2022-10-25 01:01:21.642
301207071,UNIBUSD,6.12333333,6.99000000,SELL,2022-10-25 02:01:16.243
1429794771,BNBBUSD,273.9,0.20000000,SELL,2022-10-25 03:01:09.479
119396633,ENSBUSD,16.97,2.53000000,SELL,2022-10-25 03:01:18.982
1429806481,BNBBUSD,274.4,0.15500000,BUY,2022-10-25 04:01:20.428
1429828564,BNBBUSD,273.9,0.15500000,SELL,2022-10-25 05:01:08.804
119407661,ENSBUSD,17.17,2.48000000,BUY,2022-10-25 05:01:22.720
119413212,ENSBUSD,17.04,2.48000000,SELL,2022-10-25 06:01:17.470
6074303043,ETHBUSD,1348.62,0.03410000,SELL,2022-10-25 07:01:08.005
735587443,MATICBUSD,0.89,53.40000000,SELL,2022-10-25 07:01:11.873
114211953,TWTBUSD,1.0718,18.00000000,SELL,2022-10-25 12:01:07.167
399798151,EGLDBUSD,57.39,0.79000000,SELL,2022-10-25 12:01:11.848
6075209894,ETHBUSD,1347.65,0.03280000,BUY,2022-10-25 12:01:22.559
6661442044,BTCBUSD,19520.04,0.00224000,BUY,2022-10-25 14:01:19.726
1429974477,BNBBUSD,276.4,0.15700000,BUY,2022-10-25 14:01:22.109
735952532,MATICBUSD,0.9054,47.40000000,BUY,2022-10-25 14:01:23.773
399826522,EGLDBUSD,58.2739726,0.73000000,BUY,2022-10-25 14:01:26.146
301291124,UNIBUSD,6.24,6.75000000,BUY,2022-10-25 14:01:27.782
41847082,LDOBUSD,1.571,26.55000000,BUY,2022-10-25 14:01:30.264
114239223,TWTBUSD,1.0848,38.00000000,BUY,2022-10-25 15:01:23.009
119200417,REEFBUSD,0.005742,7120.30000000,BUY,2022-10-25 15:01:29.470
119490750,ENSBUSD,17.32,2.33000000,BUY,2022-10-25 16:01:25.082
57874917,MDXBUSD,0.1779,225.20000000,BUY,2022-10-25 16:01:26.673
57884997,MDXBUSD,0.1755,225.20000000,SELL,2022-10-25 18:01:23.116
119331553,REEFBUSD,0.005676,7120.30000000,SELL,2022-10-25 20:01:36.626
399991327,EGLDBUSD,57.47,0.73000000,SELL,2022-10-25 21:01:19.696
59872461,QNTBUSD,176.8,0.46800000,SELL,2022-10-25 22:01:12.792
119510747,REEFBUSD,0.005755,7249.00000000,BUY,2022-10-26 07:01:30.642
75330486,PHABUSD,0.191,216.00000000,BUY,2022-10-26 10:01:28.695
45635747,KLAYBUSD,0.2009,203.50000000,BUY,2022-10-26 10:01:31.775
400184981,EGLDBUSD,57.96,0.69000000,BUY,2022-10-26 11:01:27.436
400237802,EGLDBUSD,57.54,0.69000000,SELL,2022-10-26 14:01:14.071
31868300,BNXBUSD,146.2,0.28900000,SELL,2022-10-26 15:01:16.406
75363680,PHABUSD,0.1841,216.00000000,SELL,2022-10-26 15:01:22.275
119721743,REEFBUSD,0.005732,7249.00000000,SELL,2022-10-26 18:01:39.401
127813997,ATABUSD,0.1598,274.00000000,SELL,2022-10-26 20:01:21.623
42504525,FETBUSD,0.0821,513.00000000,BUY,2022-10-26 22:01:42.732
591958882,LINKBUSD,7.131,5.85000000,BUY,2022-10-26 22:01:44.907
31628187,RNDRBUSD,0.534,77.36000000,BUY,2022-10-26 23:13:44.363
31628993,RNDRBUSD,0.531,77.36000000,SELL,2022-10-27 00:01:21.837
42505745,FETBUSD,0.08150331,513.00000000,SELL,2022-10-27 00:01:25.347
31629130,RNDRBUSD,0.535,311.98000000,BUY,2022-10-27 00:05:41.237
119797359,REEFBUSD,0.00570594,28082.10000000,BUY,2022-10-27 01:01:31.753
119808560,REEFBUSD,0.00569566,28082.10000000,SELL,2022-10-27 02:01:23.226
738790160,MATICBUSD,0.92426287,47.40000000,SELL,2022-10-27 03:01:12.655
119905981,ENSBUSD,17.84,2.33000000,SELL,2022-10-27 03:01:22.752
31632351,RNDRBUSD,0.527,311.98000000,SELL,2022-10-27 03:01:26.743
592099465,LINKBUSD,7.143,5.85000000,SELL,2022-10-27 03:01:30.738
42510381,FETBUSD,0.08269038,2078.00000000,BUY,2022-10-27 04:01:26.877
592137825,LINKBUSD,7.23746907,22.79000000,BUY,2022-10-27 04:01:28.516
738897328,MATICBUSD,0.9365,169.10000000,BUY,2022-10-27 05:01:21.127
400432859,EGLDBUSD,57.46,2.64000000,BUY,2022-10-27 05:01:23.633
127829224,ATABUSD,0.1631,895.00000000,BUY,2022-10-27 05:01:26.822
119921682,ENSBUSD,18.01,7.78000000,BUY,2022-10-27 05:01:28.444
119855638,REEFBUSD,0.00568,23691.80000000,BUY,2022-10-27 05:01:33.376
70703343,SANTOSBUSD,12.372,10.44000000,BUY,2022-10-27 07:01:28.915
70710148,SANTOSBUSD,12.238,10.44000000,SELL,2022-10-27 08:01:22.654
739121778,MATICBUSD,0.9336,169.10000000,SELL,2022-10-27 09:01:11.667
42464730,LDOBUSD,1.665,26.55000000,SELL,2022-10-27 09:01:25.637
31890483,BNXBUSD,147.0,0.93300000,BUY,2022-10-27 09:01:33.704
119968399,ENSBUSD,17.87,7.78000000,SELL,2022-10-27 10:02:47.168
1431821194,BNBBUSD,288.0,0.15700000,SELL,2022-10-27 12:01:20.829
269073437,CHZBUSD,0.1986,223.00000000,SELL,2022-10-27 12:01:33.401
119959515,REEFBUSD,0.005645,23691.80000000,SELL,2022-10-27 12:01:40.968
31894898,BNXBUSD,146.5,0.93300000,SELL,2022-10-27 13:01:15.739
1431904421,BNBBUSD,289.3,0.65500000,BUY,2022-10-27 13:01:28.345
269119407,CHZBUSD,0.2009,896.00000000,BUY,2022-10-27 13:01:31.581
1431973424,BNBBUSD,287.0,0.65500000,SELL,2022-10-27 14:01:09.973
114761116,TWTBUSD,1.1362,38.00000000,SELL,2022-10-27 14:01:17.265
400573394,EGLDBUSD,56.18,2.64000000,SELL,2022-10-27 14:01:23.184
269161299,CHZBUSD,0.197,896.00000000,SELL,2022-10-27 14:01:30.445
127852076,ATABUSD,0.15896827,895.00000000,SELL,2022-10-27 14:01:37.073
42521228,FETBUSD,0.0817,2078.00000000,SELL,2022-10-27 14:01:44.682
592534897,LINKBUSD,7.04652216,22.79000000,SELL,2022-10-27 14:01:50.226
