orderId,symbol,price,executedQty,side,time
0,TWTBUSD,0.00000000,18.00000000,BUY,2022-10-20 00:32:46.961

398346444,EGLDBUSD,0.00000000,0.20000000,BUY,2022-10-20 19:01:14.784
58162927,QNTBUSD,0.00000000,0.06800000,BUY,2022-10-21 02:01:10.104
398520934,EGLDBUSD,0.00000000,0.20000000,SELL,2022-10-21 04:01:06.614
113815757,TWTBUSD,0.00000000,13.00000000,BUY,2022-10-21 14:01:12.755
58500704,QNTBUSD,0.00000000,0.08500000,BUY,2022-10-21 14:01:15.922
6058376556,ETHBUSD,0.00000000,0.01150000,BUY,2022-10-21 16:01:11.775
6611794193,BTCBUSD,0.00000000,0.00238000,BUY,2022-10-21 17:01:10.512
74148529,PHABUSD,0.00000000,174.00000000,BUY,2022-10-21 17:01:19.898
265903698,CHZBUSD,0.00000000,247.00000000,BUY,2022-10-21 17:01:21.543
127508034,ATABUSD,0.00000000,285.00000000,BUY,2022-10-21 17:01:23.207
41280377,LDOBUSD,0.00000000,28.37000000,BUY,2022-10-21 17:01:25.581
1428224014,BNBBUSD,0.00000000,0.16000000,BUY,2022-10-21 20:01:17.544
731932344,MATICBUSD,0.00000000,52.00000000,BUY,2022-10-21 21:01:19.618
74316922,PHABUSD,0.00000000,174.00000000,SELL,2022-10-22 00:01:18.440
31721301,BNXBUSD,0.00000000,0.29200000,BUY,2022-10-22 01:01:17.989
31722453,BNXBUSD,0.00000000,0.29200000,SELL,2022-10-22 02:01:16.918
127538733,ATABUSD,0.00000000,285.00000000,SELL,2022-10-22 08:01:16.350
300693808,UNIBUSD,0.00000000,7.14000000,BUY,2022-10-22 08:01:21.947
41372144,LDOBUSD,0.00000000,28.37000000,SELL,2022-10-22 09:01:17.167
41376020,LDOBUSD,0.00000000,28.82000000,BUY,2022-10-22 10:01:20.635
41379268,LDOBUSD,0.00000000,28.82000000,SELL,2022-10-22 11:01:17.905
31736481,BNXBUSD,0.00000000,0.29600000,BUY,2022-10-22 15:01:18.305
127549056,ATABUSD,0.00000000,280.00000000,BUY,2022-10-22 15:01:21.512
41404114,LDOBUSD,0.00000000,27.86000000,BUY,2022-10-22 15:01:23.188
31738554,BNXBUSD,0.00000000,0.29600000,SELL,2022-10-22 16:01:15.339
127553339,ATABUSD,0.00000000,280.00000000,SELL,2022-10-22 16:01:21.526
59059358,QNTBUSD,0.00000000,0.08500000,SELL,2022-10-22 18:01:14.004
59072854,QNTBUSD,0.00000000,0.24200000,BUY,2022-10-22 19:01:15.789
59084200,QNTBUSD,0.00000000,0.24200000,SELL,2022-10-22 20:01:14.129
113956256,TWTBUSD,0.00000000,13.00000000,SELL,2022-10-22 23:01:12.225
41444735,LDOBUSD,0.00000000,27.86000000,SELL,2022-10-22 23:01:17.745
266478628,CHZBUSD,0.00000000,247.00000000,SELL,2022-10-23 02:01:13.370
127573738,ATABUSD,0.00000000,290.00000000,BUY,2022-10-23 06:01:15.880
6627107486,BTCBUSD,0.00000000,0.00238000,SELL,2022-10-23 07:01:07.163
732921914,MATICBUSD,0.00000000,52.00000000,SELL,2022-10-23 08:01:08.225
6627844102,BTCBUSD,0.00000000,0.00231000,BUY,2022-10-23 09:01:12.331
732942633,MATICBUSD,0.00000000,53.00000000,BUY,2022-10-23 09:01:15.431
399158142,EGLDBUSD,0.00000000,0.79000000,BUY,2022-10-23 09:01:20.182
300853992,UNIBUSD,0.00000000,7.14000000,SELL,2022-10-23 10:01:14.693
6628965324,BTCBUSD,0.00000000,0.00231000,SELL,2022-10-23 12:01:05.326
6063963150,ETHBUSD,0.00000000,0.01150000,SELL,2022-10-23 12:01:09.986
733029862,MATICBUSD,0.00000000,53.00000000,SELL,2022-10-23 12:01:15.489
6064149293,ETHBUSD,0.00000000,0.03410000,BUY,2022-10-23 13:01:13.053
733068560,MATICBUSD,0.00000000,53.40000000,BUY,2022-10-23 13:01:16.910
74696200,PHABUSD,0.00000000,196.00000000,BUY,2022-10-23 14:01:20.288
6630380368,BTCBUSD,0.00000000,0.00225000,BUY,2022-10-23 15:01:15.561
300906171,UNIBUSD,0.00000000,6.99000000,BUY,2022-10-23 18:01:18.840
74844134,PHABUSD,0.00000000,196.00000000,SELL,2022-10-23 19:01:16.042
119103430,ENSBUSD,0.00000000,2.53000000,BUY,2022-10-23 20:01:25.099
114047945,TWTBUSD,0.00000000,37.00000000,BUY,2022-10-23 22:01:19.429
31779848,BNXBUSD,0.00000000,0.28900000,BUY,2022-10-23 22:01:21.781
266822602,CHZBUSD,0.00000000,225.00000000,BUY,2022-10-23 23:01:24.917
41562230,LDOBUSD,0.00000000,26.94000000,BUY,2022-10-23 23:01:26.535
127640204,ATABUSD,0.00000000,290.00000000,SELL,2022-10-24 02:01:19.223
74885928,PHABUSD,0.00000000,192.00000000,BUY,2022-10-24 02:01:23.213
74895895,PHABUSD,0.00000000,192.00000000,SELL,2022-10-24 04:01:18.738
266926101,CHZBUSD,0.00000000,225.00000000,SELL,2022-10-24 04:01:22.906
74900130,PHABUSD,0.00000000,195.00000000,BUY,2022-10-24 05:01:21.041
74904174,PHABUSD,0.00000000,195.00000000,SELL,2022-10-24 06:01:17.436
31794182,BNXBUSD,0.00000000,0.28900000,SELL,2022-10-24 07:01:15.419
114088623,TWTBUSD,0.00000000,37.00000000,SELL,2022-10-24 08:01:12.049
127655090,ATABUSD,0.00000000,274.00000000,BUY,2022-10-24 08:01:27.577
31796994,BNXBUSD,0.00000000,0.28900000,BUY,2022-10-24 09:01:21.296
267070749,CHZBUSD,0.00000000,225.00000000,BUY,2022-10-24 12:01:18.191
59501904,QNTBUSD,0.00000000,0.23200000,BUY,2022-10-24 13:01:22.803
114128613,TWTBUSD,1.045353846153846,39.00000000,SELL,2022-10-24 14:35:17.511
59521150,QNTBUSD,174.46398305084745,0.23600000,BUY,2022-10-24 14:35:27.001
267164393,CHZBUSD,0.182,223.00000000,BUY,2022-10-24 14:35:29.463
